@misc{peckinpah_pat_1973,
    title = {Pat {Garrett} and {Billy} the {Kid}},
    publisher = {Metro-Goldwyn-Mayer},
    author = {Peckinpah, Sam},
    year = {1973},
}
@misc{porter_great_1903,
    title = {The {Great} {Train} {Robbery}},
    publisher = {Edison Manufacturing Company},
    author = {Porter, Edwin S.},
    year = {1903},
}
@book{scott_american_2011,
    address = {Edinburgh},
    edition = {2nd},
    title = {American {Politics} in {Hollywood} {Film}},
    isbn = {978-0-7486-4628-9},
    abstract = {https://www-degruyterbrill-com.eux.idm.oclc.org/document/doi/10.1515/9780748646289-007/html
4 Action, Conspiracy and Paranoia in Hollywood Political Films was published in American Politics in Hollywood Film on page 114.},
    urldate = {2025-04-25},
    publisher = {Edinburgh University Press},
    author = {Scott, Ian},
    year = {2011},
    note = {Section: American Politics in Hollywood Film},
}
@article{winters_corporeality_nodate,
    title = {Corporeality, {Musical} {Heartbeats}, and {Cinematic} {Emotion}},
    volume = {2},
    shorttitle = {Corporeality, {Musical} {Heartbeats}},
    number = {1},
    journal = {Music, Sound, and the Moving Image},
    author = {Winters, Ben},
    pages = {3--26},
}
@book{chion_voice_1999,
    address = {New York},
    title = {The {Voice} in {Cinema}},
    publisher = {Columbia University Press},
    author = {Chion, Michel},
    translator = {Gorbman, Claudia},
    year = {1999},
}